<record><leader>00000cas a22000007a 4500</leader><controlfield tag="001">24486648</controlfield><controlfield tag="008">911002d189u1897ncuwr ne      0    0eng d</controlfield><datafield ind1=" " ind2=" " tag="010"><subfield code="a">sn 91068366 </subfield></datafield><datafield ind1=" " ind2=" " tag="040"><subfield code="a">NVJ</subfield><subfield code="b">eng</subfield><subfield code="c">NVJ</subfield><subfield code="d">MGN</subfield><subfield code="d">NVJ</subfield><subfield code="d">OCLCQ</subfield><subfield code="d">OCLCF</subfield><subfield code="d">DLC</subfield><subfield code="d">OCLCO</subfield></datafield><datafield ind1="1" ind2=" " tag="029"><subfield code="a">AU@</subfield><subfield code="b">000020226610</subfield></datafield><datafield ind1=" " ind2=" " tag="042"><subfield code="a">msc</subfield></datafield><datafield ind1=" " ind2=" " tag="043"><subfield code="a">n-us-nc</subfield></datafield><datafield ind1="0" ind2=" " tag="130"><subfield code="a">Weekly messenger (Wilmington, N.C.)</subfield></datafield><datafield ind1="1" ind2="4" tag="245"><subfield code="a">The weekly messenger.</subfield></datafield><datafield ind1=" " ind2=" " tag="260"><subfield code="a">Wilmington, N.C. :</subfield><subfield code="b">Jackson &amp; Bell</subfield></datafield><datafield ind1=" " ind2=" " tag="300"><subfield code="a">v.</subfield></datafield><datafield ind1=" " ind2=" " tag="310"><subfield code="a">Weekly</subfield></datafield><datafield ind1="1" ind2=" " tag="362"><subfield code="a">Ceased in 1897.</subfield></datafield><datafield ind1=" " ind2=" " tag="580"><subfield code="a">Daily ed.: Wilmington messenger (Wilmington, N.C. : Daily), 1894-1897.</subfield></datafield><datafield ind1=" " ind2=" " tag="588"><subfield code="a">Description based on: Jan. 4, 1894.</subfield></datafield><datafield ind1=" " ind2="0" tag="651"><subfield code="a">Wilmington (N.C.)</subfield><subfield code="v">Newspapers.</subfield></datafield><datafield ind1=" " ind2="0" tag="651"><subfield code="a">New Hanover County (N.C.)</subfield><subfield code="v">Newspapers.</subfield></datafield><datafield ind1=" " ind2="7" tag="651"><subfield code="a">North Carolina</subfield><subfield code="z">New Hanover County.</subfield><subfield code="2">fast</subfield><subfield code="0">(OCoLC)fst01210030</subfield></datafield><datafield ind1=" " ind2="7" tag="651"><subfield code="a">North Carolina</subfield><subfield code="z">Wilmington.</subfield><subfield code="2">fast</subfield><subfield code="0">(OCoLC)fst01210117</subfield></datafield><datafield ind1=" " ind2="7" tag="655"><subfield code="a">Newspapers.</subfield><subfield code="2">fast</subfield><subfield code="0">(OCoLC)fst01423814</subfield></datafield><datafield ind1=" " ind2=" " tag="752"><subfield code="a">United States</subfield><subfield code="b">North Carolina</subfield><subfield code="c">New Hanover</subfield><subfield code="d">Wilmington.</subfield></datafield><datafield ind1="1" ind2=" " tag="775"><subfield code="t">Wilmington messenger (Wilmington, N.C. : Daily)</subfield><subfield code="w">(DLC)sn 91068368</subfield></datafield><datafield ind1="0" ind2="0" tag="780"><subfield code="t">Wilmington messenger (Wilmington, N.C. : Weekly)</subfield><subfield code="w">(DLC)sn 91068309</subfield></datafield><datafield ind1="0" ind2="0" tag="785"><subfield code="t">Semi-weekly messenger (Wilmington, N.C.)</subfield><subfield code="x">2376-0257</subfield><subfield code="w">(DLC)sn 91068367</subfield><subfield code="w">(OCoLC)24486679</subfield></datafield></record>